@book{pickaxe,
  author =       "Dave Thomas Chad Fowler and Andrew Hunt",
  title =        "{P}rogramming {R}uby: {T}he {P}ragmatic {P}rogrammers {G}uide, {S}econd {E}dition",
  publisher =    "Pragmatic Bookshelf",
  year =         "2004"
}

@book{agile,
    author =    "Dave Thomas and David Heinemeier Hansson",
    title =     "{A}gile {W}eb {D}evelopment with {R}ails, {S}econd {E}dition",
    publisher = "Pragmatic Bookshelf",
    year =      "2006"
}

@book{recipes,
    author =    "Chad Fowler",
    title =     "{R}ails {R}ecipes",
    publisher = "Pragmatic Bookshelf",
    year =      "2006"
}

@book{restful,
    author =    "Leonard Richardson and Sam Ruby",
    title =     "{R}{E}{S}{T}ful {W}eb {S}ervices",
    publisher = "O'Reilly Media, Inc.",
    year =      "2007"
}

@book{build,
    author =    "Patrick Lenz",
    title =     "{B}uild {Y}our {O}wn {R}uby on {R}ails {W}eb {A}pplications",
    publisher = "SitePoint",
    year =      "2007"
}

@book{pragmatic,
    author =    "Andrew Hunt and David Thomas",
    title =     "{T}he {P}ragmatic {P}rogrammer: {F}rom {J}ourneyman to {M}aster",
    publisher = "Addison-Wesley Professional",
    year =      "1999"
}

@book{css,
    author =    "Jeffrey Zeldman",
    title =     "{D}esigning with {W}eb {S}tandards, {S}econd {E}dition",
    publisher = "Peachpit Press",
    year =      "2006"
}

@book{bullet,
    author =    "Dan Cederholm",
    title =     "{B}ulletproof {W}eb {D}esign: {I}mproving flexibility and protecting against worst-case scenarios with XHTML and CSS, {S}econd {E}dition",
    publisher = "New Riders Press",
    year =      "2007"
}

@book{patterns,
    author =    "Russ Olsen",
    title =     "{D}esign {P}atterns in {R}uby",
    publisher = "Addison-Wesley Professional",
    year =      "2007"
}

@book{zen,
    author =    "Dave Shea",
    title =     "{T}he {Z}en of {C}{S}{S} {D}esign: {V}isual {E}nlightenment for the {W}eb",
    publisher = "Peachpit Press",
    year =      "2005"
}

@book{ar,
    author =    "Kevin Marshall Chad Pytel and Jon Yurek",
    title =     "{P}ro {A}ctive {R}ecord: {D}atabases with {R}uby and {R}ails",
    publisher = "Apress",
    year =      "2007"
}

